@book{gamma1995design,
  title={Design patterns: elements of reusable object-oriented software},
  author={Gamma, Erich},
  year={1995},
  publisher={Pearson Education India}
}

@book{alexander1977pattern,
  title={A pattern language},
  author={Alexander, Christopher and Ishikawa, Sara and Silverstein, Murray and i Rami{\'o}, Joaquim Romaguera and Jacobson, Max and Fiksdahl-King, Ingrid},
  year={1977},
  publisher={Gustavo Gili}
}

@article{brandao1998repensando,
  title={Repensando modelos de avalia{\c{c}}{\~a}o de software educacional},
  author={Brand{\~a}o, Edemilson Jorge Ramos},
  journal={3{\textordmasculine} Simp{\'o}sio de Investiga{\c{c}}{\~a}o e desenvolvimento de software educativo},
  year={1998}
}

@article{oliveira2001proposta,
  title={Uma proposta para a avali{\c{c}}{\~a}o de software educacional},
  author={Oliveira, No{\'e} de and others},
  year={2001},
  publisher={Florian{\'o}polis, SC}
}